[{"Q1":{"success":true},"Y1":{"symbol":"VCT","columns":["Name","Symbol","2008","2009","2010","2011","2012","2013","2014","2015","2016","2017","2018","2019","2020","2021"],"rows":[["DT thuần","Sales",38684640131,90173810627,88979639287,107766445740,30076459000,20781688024,18051494230,40363433225,9478584067,7643705760,1604775808,2529840091,10838473943,4987642367],["LN gộp","GrossProfit",8304594908,21729159183,21461227113,31420093088,6894467576,770877856,7765333882,3556410274,2991324485,2126436073,1135613625,1767182903,1540955036,-371420980],["LN từ HĐKD","OperatingProfit",1078538021,6301637118,7179501943,6111310851,-5178430754,-6822583482,-2054703815,-3474542600,674105353,-4612249000,-3273118386,-600915206,-691718474,-1982692829],["LN sau thuế","NetProfit",1078619368,4546531778,4349974072,4099495344,-5253254172,-6294438626,-1925356111,-3665755640,245127235,-4687047277,-2224902998,-269676678,-664535673,-1717344436]],"success":true},"Q2":{"symbol":"VCT","columns":["Name","Symbol","Q4/2011","Q2/2012","Q4/2012","Q4/2013","Q4/2014","Q4/2015","Q4/2016","Q4/2017","Q4/2018","Q4/2019","Q4/2020","Q4/2021"],"rows":[["Tài sản","Asset",131991742995,116615093815,103458629848,102412365418,92018075024,54046195743,49262620982,42194990313,37260165177,39559072438,38177821131,36886069119],["Tổng nợ","Liability",107349265725,96363210488,88462489193,94327859914,85904597048,51381690468,46250287848,44029053996,42411524938,45049691936,44362652073,44794191983],["Nguồn VCSH","Equity",24642477270,20251883327,14996140655,8084505504,6113477976,2664505275,3012333134,-1834063683,-5151359761,-5490619498,-6184830942,-7908122864]],"success":true},"Y2":{"symbol":"VCT","columns":["Name","Symbol","2008","2009","2010","2011","2012","2013","2014","2015","2016","2017","2018","2019","2020","2021"],"rows":[["Tài sản","Asset",54902455147,75670005935,105720562876,131991742995,103458629848,102412365418,92018075024,54046195743,49262620982,42194990313,37260165177,39559072438,38177821131,36886069119],["Tổng nợ","Liability",38340610580,56021233031,82771471743,107349265725,88462489193,94327859914,85904597048,51381690468,46250287848,44029053996,42411524938,45049691936,44362652073,44794191983],["Nguồn VCSH","Equity",16561844567,19648772904,22949091133,24642477270,14996140655,8084505504,6113477976,2664505275,3012333134,-1834063683,-5151359761,-5490619498,-6184830942,-7908122864]],"success":true},"symbol":"VCT"},{"Q1":{"success":true},"Y1":{"symbol":"TVP","columns":["Name","Symbol","2007","2008","2009","2010","2011","2012","2013","2014","2015","2016","2017","2018","2019","2020","2021"],"rows":[["DT thuần","Sales",179812383065,173928470511,237428860346,254467675458,330959874314,405348714246,417798511272,415298620878,381982309534,356614978614,382865843434,415058314663,457329620370,525926245459,760172068590],["LN gộp","GrossProfit",38849825925,52522925209,82294398431,92082409783,120599014055,159547199126,165645944958,154780107022,139312171933,127757548882,148328277319,168135271338,159479575802,188317970112,253316374663],["LN từ HĐKD","OperatingProfit",14305283524,9689917014,23370658031,26524353495,36662553489,63362531398,49933665674,42106253456,44038325942,39656716015,43500629391,44176462869,54229890369,74172145852,93546488114],["LN sau thuế","NetProfit",13726247494,7990164774,22495695164,23137595598,28928547178,51436736931,36179234742,33242388046,34958656967,32187123571,43989415386,40143793390,44660526543,60138273977,80292557070]],"success":true},"Q2":{"symbol":"TVP","columns":["Name","Symbol","Q4/2007","Q4/2008","Q2/2009","Q3/2009","Q4/2009","Q4/2010","Q4/2011","Q4/2012","Q4/2013","Q4/2014","Q4/2015","Q4/2016","Q4/2017","Q4/2018","Q4/2019","Q4/2020","Q4/2021"],"rows":[["Tài sản","Asset",205325331544,222192588676,220667180545,220855781949,232356676432,231050819929,228825769125,300428118066,315061004640,302790043873,293500412470,264144361264,308601224223,378586812511,365461917465,434609949582,466047054821],["Tổng nợ","Liability",102917620415,119034243157,106985219617,100444901616,107105572905,97408729709,86815882541,128797569654,138718802765,110873917184,104087899981,60233925519,74644159921,130559931130,101782009281,137933692074,131280966308],["Nguồn VCSH","Equity",102407711129,103158345519,243801420,228812660,125251103527,133642090220,142009886584,171630548412,176342201875,191916126689,189412512489,203910435745,233957064302,248026881381,263679908184,296676257508,334766088513]],"success":true},"Y2":{"symbol":"TVP","columns":["Name","Symbol","2007","2008","2009","2010","2011","2012","2013","2014","2015","2016","2017","2018","2019","2020","2021"],"rows":[["Tài sản","Asset",205325331544,222192588676,232356676432,231050819929,228825769125,300428118066,315061004640,302790043873,293500412470,264144361264,308601224223,378586812511,365461917465,434609949582,466047054821],["Tổng nợ","Liability",102917620415,119034243157,107105572905,97408729709,86815882541,128797569654,138718802765,110873917184,104087899981,60233925519,74644159921,130559931130,101782009281,137933692074,131280966308],["Nguồn VCSH","Equity",102407711129,103158345519,125251103527,133642090220,142009886584,171630548412,176342201875,191916126689,189412512489,203910435745,233957064302,248026881381,263679908184,296676257508,334766088513]],"success":true},"symbol":"TVP"}]